@BOOK{Ertel2016,
	AUTHOR = {Ertel, Wolfgang},
	YEAR = {2016},
	TITLE = {Grundkurs Künstliche Intelligenz - Eine praxisorientierte Einführung},
	EDITION = {},
	ISBN = {978-3-658-13549-2},
	PUBLISHER = {Springer-Verlag},
	ADDRESS = {Berlin},
}

@BOOK{Tegmark2017,
	AUTHOR = {Tegmark, Max},
	YEAR = {2017},
	TITLE = {Leben 3.0 - Mensch sein im Zeitalter Künstlicher Intelligenz},
	EDITION = {},
	ISBN = {978-3-843-71670-3},
	PUBLISHER = {Ullstein Buchverlage},
	ADDRESS = {Berlin},
}

@misc{bmwi2021,
  author = {{Bundesministerium für Wirtschaft und Energie}},
  title = {{Den digitalen Wandel gestalten}},
  howpublished = "\url{https://www.bmwi.de/Redaktion/DE/Dossier/digitalisierung.html}",
  year = {2021}, 
  note = "[Online; abgerufen am 29.04.2021]"
}

@misc{bundesregierung2020,
  author = {{Presse- und Informationsamt der Bundesregierung}},
  title = {{Umsetzungsstrategie der Bundesregierung zur Gestaltung des digitalen Wandels}},
  howpublished = "\url{https://www.bundesregierung.de/resource/blob/975226/1552758/c34e443dbe732e79c9439585b4fbade5/pdf-umsetzungsstrategie-digitalisierung-data.pdf}",
  year = {2020}, 
  note = "[Online; abgerufen am 29.04.2021]"
}

@misc{statistica2020,
  author= {{Statista GmbH}},
  title= {{Anzahl der Einfamilienhäuser in Deutschland bis 2019}},
  howpublished = "\url{https://de.statista.com/statistik/daten/studie/39010/umfrage/bestand-der-einfamilienhaeuser-in-deutschland-seit-2000/}",
  year = {2020},
  note = "[Online; abgerufen am 29.04.2021]"
}

@misc{ptj2019,
  author= {{Projektträger Jülich}},
  title= {{Geschäftsbericht 2019}},
  howpublished = "\url{https://www.ptj.de/lw_resource/datapool/systemfiles/agent/ptjpublications/A8D13890BCDB714BE0537E695E867A07/live/document/PtJ-Geschaeftsbericht-2019_web.pdf}",
  year = {2020},
  note = "[Online; abgerufen am 29.04.2021]"
}

@BOOK{Kurbel1992,
	AUTHOR = {Kurbel, Karl},
	YEAR = {1992},
	TITLE = {Entwicklung und Einsatz von Expertensystemen - Eine anwendungsorientierte Einführung in wissensbasierte Systeme},
	EDITION = {2},
	ISBN = {978-3-54055237-6},
	PUBLISHER = {Springer-Verlag},
	ADDRESS = {Berlin Heidelberg New York},
}

@misc{splunk2021,
  author= {{Splunk Inc.}},
  title= {{Splunk Platform}},
  howpublished = "\url{https://www.splunk.com/en_us/platform.html}",
  year = {2021},
  note = "[Online; abgerufen am 19.04.2021]"
}